
@article{deuflhardRobustPerronCluster2005b,
  title = {Robust {{Perron}} Cluster Analysis in Conformation Dynamics},
  author = {Deuflhard, Peter and Weber, Marcus},
  year = {2005},
  month = mar,
  volume = {398},
  pages = {161--184},
  issn = {0024-3795},
  doi = {10.1016/j.laa.2004.10.026},
  journal = {Linear Algebra and its Applications},
  keywords = {Cluster algorithms,Conformation dynamics,Markov chains,Perron cluster analysis},
  language = {en},
  series = {Special {{Issue}} on {{Matrices}} and {{Mathematical Biology}}}
}




@article{McIntire817,
  title = {A New Cofactor in a Prokaryotic Enzyme: Tryptophan Tryptophylquinone as the Redox Prosthetic Group in Methylamine Dehydrogenase},
  author = {McIntire, WS and Wemmer, DE and Chistoserdov, A and Lidstrom, ME},
  year = {1991},
  volume = {252},
  pages = {817--824},
  publisher = {{American Association for the Advancement of Science}},
  issn = {0036-8075},
  doi = {10.1126/science.2028257},
  eprint = {https://science.sciencemag.org/content/252/5007/817.full.pdf},
  journal = {Science},
  number = {5007}
}




@article{basranEnzymaticHTransferRequires1999,
  title = {Enzymatic {{H}}-{{Transfer Requires Vibration}}-{{Driven Extreme Tunneling}}},
  author = {Basran, Jaswir and Sutcliffe, Michael J. and Scrutton, Nigel S.},
  year = {1999},
  month = mar,
  volume = {38},
  pages = {3218--3222},
  publisher = {{American Chemical Society}},
  issn = {0006-2960},
  doi = {10.1021/bi982719d},
  journal = {Biochemistry},
  number = {10}
}



@article{chistoserdovCloningSequencingMutagenesis2001,
  title = {Cloning, Sequencing and Mutagenesis of the Genes for Aromatic Amine Dehydrogenase from {{Alcaligenes}} Faecalis and Evolution of Amine {{dehydrogenasesThe GenBank}} Accession Number for the Aau Gene Cluster from {{Alcaligenes}} Faecalis Is {{AF302652}}.},
  author = {Chistoserdov, Andrei Y},
  year = {2001},
  volume = {147},
  pages = {2195--2202},
  publisher = {{Microbiology Society,}},
  issn = {1350-0872,},
  doi = {10.1099/00221287-147-8-2195},
  journal = {Microbiology,},
  number = {8}
}

@incollection{nozakiAromaticAmineDehydrogenase1987,
  title = {Aromatic Amine Dehydrogenase from {{Alcaligenes}} Faecalis},
  booktitle = {Methods in {{Enzymology}}},
  author = {Nozaki, Mitsuhiro},
  year = {1987},
  month = jan,
  volume = {142},
  pages = {650--655},
  publisher = {{Academic Press}},
  doi = {10.1016/S0076-6879(87)42077-6},
  language = {en},
  series = {Metabolism of {{Aromatic Amino Acids}} and {{Amines}}}
}


@article{smythModelSelectionProbabilistic2000,
  title = {Model Selection for Probabilistic Clustering Using Cross-Validated Likelihood},
  author = {Smyth, Padhraic},
  year = {2000},
  month = jan,
  volume = {10},
  pages = {63--72},
  issn = {1573-1375},
  doi = {10.1023/A:1008940618127},
  journal = {Statistics and Computing},
  language = {en},
  number = {1}
}

@book{cappe2006inference,
  title = {Inference in Hidden {{Markov}} Models},
  author = {Capp{\'e}, Olivier and Moulines, Eric and Ryd{\'e}n, Tobias},
  year = {2006},
  publisher = {{Springer Science \& Business Media}}
}



@article{gassiat2000likelihood,
  title = {The Likelihood Ratio Test for the Number of Components in a Mixture with {{Markov}} Regime},
  author = {Gassiat, Elisabeth and Keribin, Christine},
  year = {2000},
  volume = {4},
  pages = {25--52},
  journal = {ESAIM: Probability and Statistics}
}



@techreport{ghosh1984asymptotic,
  title = {On the Asymptotic Performance of the Log Likelihood Ratio Statistic for the Mixture Model and Related Results},
  author = {Ghosh, Jayanta K and Sen, Pranab Kumar},
  year = {1984},
  institution = {{North Carolina State University. Dept. of Statistics}}
}


@article{celeuxSelectingHiddenMarkov2008,
  title = {Selecting Hidden {{Markov}} Model State Number with Cross-Validated Likelihood},
  author = {Celeux, Gilles and Durand, Jean Baptiste},
  year = {2008},
  volume = {23},
  pages = {541--564},
  issn = {09434062},
  doi = {10.1007/s00180-007-0097-1},
  journal = {Computational Statistics},
  keywords = {Cross-validation,EM algorithm,Hidden Markov models,Missing values at random,Model selection},
  number = {4}
}




@article{bacalladoBayesianComparisonMarkov2009a,
  title = {Bayesian Comparison of {{Markov}} Models of Molecular Dynamics with Detailed Balance Constraint},
  author = {Bacallado, Sergio and Chodera, John D. and Pande, Vijay},
  year = {2009},
  month = jul,
  volume = {131},
  pages = {045106},
  publisher = {{American Institute of Physics}},
  issn = {0021-9606},
  doi = {10.1063/1.3192309},
  journal = {The Journal of Chemical Physics},
  number = {4}
}



@article{noeProjectedHiddenMarkov2013a,
  title = {Projected and Hidden {{Markov}} Models for Calculating Kinetics and Metastable States of Complex Molecules},
  author = {No{\'e}, Frank and Wu, Hao and Prinz, Jan-Hendrik and Plattner, Nuria},
  year = {2013},
  month = nov,
  volume = {139},
  pages = {184114},
  issn = {0021-9606, 1089-7690},
  doi = {10.1063/1.4828816},
  journal = {The Journal of Chemical Physics},
  language = {en},
  number = {18}
}



@book{mclachlanFiniteMixtureModels2000,
  title = {Finite Mixture Models},
  author = {McLachlan, Geoffrey J and Peel, David},
  year = {2000},
  publisher = {{John Wiley \& Sons}}
}


@article{beauchampMSMBuilder2ModelingConformational2011,
  title = {{{MSMBuilder2}}: {{Modeling}} Conformational Dynamics on the Picosecond to Millisecond Scale},
  author = {Beauchamp, Kyle A. and Bowman, Gregory R. and Lane, Thomas J. and Maibaum, Lutz and Haque, Imran S. and Pande, Vijay S.},
  year = {2011},
  volume = {7},
  pages = {3412--3419},
  issn = {15499618},
  doi = {10.1021/ct200463m},
  journal = {Journal of Chemical Theory and Computation},
  number = {10},
  pmid = {22125474}
}



@misc{caseAMBER,
  title = {{{AMBER}}},
  author = {Case, D. A. and Betz, R. M. and Cerutti, D. S. and Cheatham III, T. E. and Darden, T. A. and Duke, R. E. and Giese, T. J. and Gohlke, H. and Goetz, A. W. and Homeyer, N. and Izadi, S. and Janowski, P. and Kaus, J. and Kovalenko, A. and Lee, T. S. and LeGrand, S. and Li, P. and Lin, C. and Luchko, T. and Luo, R. and Madej, B. and Mermelstein, D. and Merz, K. M. and Monard, G. and Nguyen, H. and Nguyen, H. T. and Omelyan, I. and Onufriev, A. and Roe, D. R. and Roitberg, A. and Sagui, C. and Simmerling, C. L. and {Botello-Smith}, W. M. and Swails, J. and Walker, R. C. and Wang, J. and Wolf, R. M. and Wu, X. and Xiao, L. and Kollman, P. A.},
  year = {2016},
  address = {{University of California, San Francisco}}
}



@article{ryckaertNumericalIntegrationCartesian1977b,
  title = {Numerical Integration of the Cartesian Equations of Motion of a System with Constraints: Molecular Dynamics of n-Alkanes},
  shorttitle = {Numerical Integration of the Cartesian Equations of Motion of a System with Constraints},
  author = {Ryckaert, Jean-Paul and Ciccotti, Giovanni and Berendsen, Herman J.C},
  year = {1977},
  month = mar,
  volume = {23},
  pages = {327--341},
  issn = {00219991},
  doi = {10.1016/0021-9991(77)90098-5},
  journal = {Journal of Computational Physics},
  language = {en},
  number = {3}
}



@misc{OpenMMRapidDevelopment,
  title = {{{OpenMM}} 7: {{Rapid}} Development of High Performance Algorithms for Molecular Dynamics},
  howpublished = {https://journals.plos.org/ploscompbiol/article?id=10.1371/journal.pcbi.1005659}
}





@article{HUMP96,
  title = {{{VMD}} \textendash{} {{Visual Molecular Dynamics}}},
  author = {Humphrey, William and Dalke, Andrew and Schulten, Klaus},
  year = {1996},
  volume = {14},
  pages = {33--38},
  journal = {Journal of Molecular Graphics},
  tbreference = {222},
  tbstatus = {Published.}
}


@misc{grubmullerSolvate,
  title = {Solvate},
  author = {Grubm{\"u}ller, Helmut and Groll, Volker},
  copyright = {1996-2010, Helmut Grubmuller}
}

@misc{a.d.mackerellAllAtomEmpiricalPotential1998,
  title = {All-{{Atom Empirical Potential}} for {{Molecular Modeling}} and {{Dynamics Studies}} of {{Proteins}} \textdagger},
  author = {A. D.  MacKerell, Jr and Bashford, D. and Bellott, M. and R. L.  Dunbrack, Jr and Evanseck, J. D. and Field, M. J. and Fischer, S. and Gao, J. and Guo, H. and Ha, S. and {Joseph-McCarthy}, D. and Kuchnir, L. and Kuczera, K. and Lau, F. T. K. and Mattos, C. and Michnick, S. and Ngo, T. and Nguyen, D. T. and Prodhom, B. and Reiher, W. E. and Roux, B. and Schlenkrich, M. and Smith, J. C. and Stote, R. and Straub, J. and Watanabe, M. and {Wi{\'o}rkiewicz-Kuczera}, J. and Yin, D. and Karplus, M.},
  year = {1998},
  month = apr,
  publisher = {{American Chemical Society}},
  doi = {10.1021/jp973084f},
  copyright = {\textcopyright{} 1998 American Chemical Society},
  howpublished = {https://pubs.acs.org/doi/pdf/10.1021/jp973084f},
  language = {EN},
  type = {Research-Article}
}





@book{allemannQuantumTunnellingEnzymecatalysed2009,
  title = {Quantum Tunnelling in Enzyme-Catalysed Reactions},
  editor = {Allemann, Rudolf K and Scrutton, Nigel S},
  year = {2009},
  pages = {P001-P385},
  publisher = {{The Royal Society of Chemistry}},
  doi = {10.1039/9781847559975},
  isbn = {978-0-85404-122-0},
  series = {{{RSC}} Biomolecular Sciences}
}

@article{antoniouInternalEnzymeMotions2001,
  title = {Internal {{Enzyme Motions}} as a {{Source}} of {{Catalytic Activity}}: {{Rate}}-{{Promoting Vibrations}} and {{Hydrogen Tunneling}}},
  shorttitle = {Internal {{Enzyme Motions}} as a {{Source}} of {{Catalytic Activity}}},
  author = {Antoniou, Dimitri and Schwartz, Steven D.},
  year = {2001},
  month = jun,
  volume = {105},
  pages = {5553--5558},
  issn = {1520-6106, 1520-5207},
  doi = {10.1021/jp004547b},
  journal = {The Journal of Physical Chemistry B},
  language = {en},
  number = {23}
}

@article{antoniouLargeKineticIsotope1997,
  title = {Large Kinetic Isotope Effects in Enzymatic Proton Transfer and the Role of Substrate Oscillations},
  author = {Antoniou, D. and Schwartz, S. D.},
  year = {1997},
  month = nov,
  volume = {94},
  pages = {12360--12365},
  issn = {0027-8424, 1091-6490},
  doi = {10.1073/pnas.94.23.12360},
  journal = {Proceedings of the National Academy of Sciences},
  language = {en},
  number = {23}
}

@article{kohenEnzymeCatalysisClassical1998,
  title = {Enzyme {{Catalysis}}: {{Beyond Classical Paradigms}}},
  shorttitle = {Enzyme {{Catalysis}}},
  author = {Kohen, Amnon and Klinman, Judith P.},
  year = {1998},
  month = jul,
  volume = {31},
  pages = {397--404},
  issn = {0001-4842, 1520-4898},
  doi = {10.1021/ar9701225},
  journal = {Accounts of Chemical Research},
  language = {en},
  number = {7}
}

@article{kuznetsovProtonHydrogenAtom1999a,
  title = {Proton and Hydrogen Atom Tunnelling in Hydrolytic and Redox Enzyme Catalysis},
  author = {Kuznetsov, A.M. and Ulstrup, Jens},
  year = {1999},
  volume = {77},
  pages = {1085--1096},
  issn = {14803291, 00084042},
  doi = {10.1139/cjc-77-5-6-1085},
  journal = {Canadian Journal of Chemistry},
  language = {en},
  number = {5-6}
}

@article{masgrau2004hydrogen,
  title = {Hydrogen Tunneling in Quinoproteins},
  author = {Masgrau, Laura and Basran, Jaswir and Hothi, Parvinder and Sutcliffe, Michael J and Scrutton, Nigel S},
  year = {2004},
  volume = {428},
  pages = {41--51},
  publisher = {{Elsevier}},
  journal = {Archives of biochemistry and biophysics},
  number = {1}
}

@article{glowackiProteinDynamicsEnzyme2012a,
  title = {Protein Dynamics and Enzyme Catalysis: The Ghost in the Machine?},
  shorttitle = {Protein Dynamics and Enzyme Catalysis},
  author = {Glowacki, David R. and Harvey, Jeremy N. and Mulholland, Adrian J.},
  year = {2012},
  month = jun,
  volume = {40},
  pages = {515--521},
  publisher = {{Portland Press}},
  issn = {0300-5127},
  doi = {10.1042/BST20120047},
  journal = {Biochemical Society Transactions},
  language = {en},
  number = {3}
}

@article{glowackiTakingOckhamRazor2012b,
  title = {Taking {{Ockham}}'s Razor to Enzyme Dynamics and Catalysis},
  author = {Glowacki, David R. and Harvey, Jeremy N. and Mulholland, Adrian J.},
  year = {2012},
  month = mar,
  volume = {4},
  pages = {169--176},
  publisher = {{Nature Publishing Group}},
  issn = {1755-4349},
  doi = {10.1038/nchem.1244},
  copyright = {2012 Nature Publishing Group, a division of Macmillan Publishers Limited. All Rights Reserved.},
  journal = {Nature Chemistry},
  language = {en},
  number = {3}
}




@article{ranaghanComputerSimulationsQuantum2010,
  title = {Computer Simulations of Quantum Tunnelling in Enzyme-Catalysed Hydrogen Transfer Reactions},
  author = {Ranaghan, Kara E. and Mulholland, Adrian J.},
  year = {2010},
  month = mar,
  volume = {2},
  pages = {78--97},
  issn = {1867-1462},
  doi = {10.1007/s12539-010-0093-y},
  journal = {Interdisciplinary Sciences: Computational Life Sciences},
  language = {en},
  number = {1}
}



@article{mcgeaghProteinDynamicsEnzyme2011,
  title = {Protein Dynamics and Enzyme Catalysis: {{Insights}} from Simulations},
  shorttitle = {Protein Dynamics and Enzyme Catalysis},
  author = {McGeagh, John D. and Ranaghan, Kara E. and Mulholland, Adrian J.},
  year = {2011},
  month = aug,
  volume = {1814},
  pages = {1077--1092},
  issn = {1570-9639},
  doi = {10.1016/j.bbapap.2010.12.002},
  journal = {Biochimica et Biophysica Acta (BBA) - Proteins and Proteomics},
  keywords = {Computational enzymology,Conformational change,Enzyme catalysis,Functional dynamics,Molecular dynamics,Molecular mechanics,Protein dynamics,Quantum mechanics,Quantum tunnelling},
  language = {en},
  number = {8},
  series = {Protein {{Dynamics}}: {{Experimental}} and {{Computational Approaches}}}
}



@article{iwakiCrystallizationPropertiesAromatic1983,
  title = {Crystallization and Properties of Aromatic Amine Dehydrogenase from {{Pseudomonas}} Sp},
  author = {Iwaki, Masayoshi and Yagi, Toshiharu and Horiike, Kihachiro and Saeki, Yukikazu and Ushijima, Tsutomu and Nozaki, Mitsuhiro},
  year = {1983},
  month = jan,
  volume = {220},
  pages = {253--262},
  issn = {0003-9861},
  doi = {10.1016/0003-9861(83)90408-3},
  journal = {Archives of Biochemistry and Biophysics},
  language = {en},
  number = {1}
}



@article{basranImportanceBarrierShape2001a,
  title = {Importance of {{Barrier Shape}} in {{Enzyme}}-Catalyzed {{Reactions VIBRATIONALLY ASSISTED HYDROGEN TUNNELING IN TRYPTOPHAN TRYPTOPHYLQUINONE}}-{{DEPENDENT AMINE DEHYDROGENASES}}},
  author = {Basran, Jaswir and Patel, Shila and Sutcliffe, Michael J. and Scrutton, Nigel S.},
  year = {2001},
  month = feb,
  volume = {276},
  pages = {6234--6242},
  publisher = {{American Society for Biochemistry and Molecular Biology}},
  issn = {0021-9258, 1083-351X},
  doi = {10.1074/jbc.M008141200},
  journal = {Journal of Biological Chemistry},
  language = {en},
  number = {9},
  pmid = {11087744}
}

@article{govindarajAromaticAmineDehydrogenase1994a,
  title = {Aromatic Amine Dehydrogenase, a Second Tryptophan Tryptophylquinone Enzyme.},
  author = {Govindaraj, S. and Eisenstein, E. and Jones, L. H. and {Sanders-Loehr}, J. and Chistoserdov, A. Y. and Davidson, V. L. and Edwards, S. L.},
  year = {1994},
  month = may,
  volume = {176},
  pages = {2922--2929},
  publisher = {{American Society for Microbiology Journals}},
  issn = {0021-9193, 1098-5530},
  doi = {10.1128/jb.176.10.2922-2929.1994},
  chapter = {Research Article},
  journal = {Journal of Bacteriology},
  language = {en},
  number = {10},
  pmid = {8188594}
}

@article{hyunMechanisticStudiesAromatic1995a,
  title = {Mechanistic {{Studies}} of {{Aromatic Amine Dehydrogenase}}, a {{Tryptophan Tryptophylquinone Enzyme}}},
  author = {Hyun, Young-Lan and Davidson, Victor L.},
  year = {1995},
  month = jan,
  volume = {34},
  pages = {816--823},
  issn = {0006-2960, 1520-4995},
  doi = {10.1021/bi00003a015},
  journal = {Biochemistry},
  language = {en},
  number = {3}
}

@article{hyunUnusuallyLargeIsotope1995a,
  title = {Unusually Large Isotope Effect for the Reaction of Aromatic Amine Dehydrogenase. {{A}} Common Feature of Quinoproteins?},
  author = {Hyun, Young-Lan and Davidson, Victor L.},
  year = {1995},
  month = sep,
  volume = {1251},
  pages = {198--200},
  issn = {0167-4838},
  doi = {10.1016/0167-4838(95)00117-D},
  journal = {Biochimica et Biophysica Acta (BBA) - Protein Structure and Molecular Enzymology},
  keywords = {Aromatic amine dehydrogenase,Kinetic isotope effect,Oxidative deamination,Quinoprotein},
  language = {en},
  number = {2}
}

@article{johannissenEnzymeAromaticAmine2008,
  title = {The Enzyme Aromatic Amine Dehydrogenase Induces a Substrate Conformation Crucial for Promoting Vibration That Significantly Reduces the Effective Potential Energy Barrier to Proton Transfer},
  author = {Johannissen, Linus O and Scrutton, Nigel S and Sutcliffe, Michael J},
  year = {2008},
  month = dec,
  volume = {5},
  pages = {225--232},
  publisher = {{Royal Society}},
  doi = {10.1098/rsif.2008.0068.focus},
  journal = {Journal of The Royal Society Interface},
  number = {suppl\_3}
}

@article{johannissenProtonTunnelingAromatic2007,
  title = {Proton {{Tunneling}} in {{Aromatic Amine Dehydrogenase}} Is {{Driven}} by a {{Short}}-{{Range Sub}}-{{Picosecond Promoting Vibration}}:\, {{Consistency}} of {{Simulation}} and {{Theory}} with {{Experiment}}},
  shorttitle = {Proton {{Tunneling}} in {{Aromatic Amine Dehydrogenase}} Is {{Driven}} by a {{Short}}-{{Range Sub}}-{{Picosecond Promoting Vibration}}},
  author = {Johannissen, Linus O. and Hay, Sam and Scrutton, Nigel S. and Sutcliffe, Michael J.},
  year = {2007},
  month = mar,
  volume = {111},
  pages = {2631--2638},
  publisher = {{American Chemical Society}},
  issn = {1520-6106},
  doi = {10.1021/jp066276w},
  journal = {The Journal of Physical Chemistry B},
  number = {10}
}

@article{masgrauAtomicDescriptionEnzyme2006,
  title = {Atomic {{Description}} of an {{Enzyme Reaction Dominated}} by {{Proton Tunneling}}},
  author = {Masgrau, Laura and Roujeinikova, Anna and Johannissen, Linus O. and Hothi, Parvinder and Basran, Jaswir and Ranaghan, Kara E. and Mulholland, Adrian J. and Sutcliffe, Michael J. and Scrutton, Nigel S. and Leys, David},
  year = {2006},
  month = apr,
  volume = {312},
  pages = {237--241},
  publisher = {{American Association for the Advancement of Science}},
  issn = {0036-8075, 1095-9203},
  doi = {10.1126/science.1126002},
  chapter = {Research Article},
  copyright = {American Association for the Advancement of Science},
  journal = {Science},
  language = {en},
  number = {5771},
  pmid = {16614214}
}

@article{masgrauTunnelingClassicalPaths2007,
  title = {Tunneling and Classical Paths for Proton Transfer in an Enzyme Reaction Dominated by Tunneling: {{Oxidation}} of Tryptamine by Aromatic Amine Dehydrogenase},
  author = {Masgrau, Laura and Ranaghan, Kara E. and Scrutton, Nigel S. and Mulholland, Adrian J. and Sutcliffe, Michael J.},
  year = {2007},
  volume = {111},
  pages = {3032--3047},
  issn = {15206106},
  doi = {10.1021/jp067898k},
  journal = {Journal of Physical Chemistry B},
  number = {11},
  pmid = {17388439}
}

@article{pangNewInsightsMultistep2010,
  title = {New Insights into the Multi-Step Reaction Pathway of the Reductive Half-Reaction Catalysed by Aromatic Amine Dehydrogenase : A {{QM}} / {{MM}} Study},
  shorttitle = {New Insights into the Multi-Step Reaction Pathway of the Reductive Half-Reaction Catalysed by Aromatic Amine Dehydrogenase},
  author = {Pang, Jiayun and S. Scrutton, Nigel and de Visser, Sam P. and J. Sutcliffe, Michael},
  year = {2010},
  volume = {46},
  pages = {3104--3106},
  publisher = {{Royal Society of Chemistry}},
  doi = {10.1039/C003107K},
  journal = {Chemical Communications},
  language = {en},
  number = {18}
}

@article{ranaghanInitioQMMM2017,
  title = {Ab {{Initio QM}}/{{MM Modeling}} of the {{Rate}}-{{Limiting Proton Transfer Step}} in the {{Deamination}} of {{Tryptamine}} by {{Aromatic Amine Dehydrogenase}}},
  author = {Ranaghan, Kara E. and Morris, William G. and Masgrau, Laura and Senthilkumar, Kittusamy and Johannissen, Linus O. and Scrutton, Nigel S. and Harvey, Jeremy N. and Manby, Frederick R. and Mulholland, Adrian J.},
  year = {2017},
  month = oct,
  volume = {121},
  pages = {9785--9798},
  publisher = {{American Chemical Society}},
  issn = {1520-6106},
  doi = {10.1021/acs.jpcb.7b06892},
  journal = {The Journal of Physical Chemistry B},
  number = {42}
}

@article{roujeinikovaNewInsightsReductive2007,
  title = {New {{Insights}} into the {{Reductive Half}}-Reaction {{Mechanism}} of {{Aromatic Amine Dehydrogenase Revealed}} by {{Reaction}} with {{Carbinolamine Substrates}}},
  author = {Roujeinikova, Anna and Hothi, Parvinder and Masgrau, Laura and Sutcliffe, Michael J. and Scrutton, Nigel S. and Leys, David},
  year = {2007},
  month = aug,
  volume = {282},
  pages = {23766--23777},
  publisher = {{American Society for Biochemistry and Molecular Biology}},
  issn = {0021-9258, 1083-351X},
  doi = {10.1074/jbc.M700677200},
  journal = {Journal of Biological Chemistry},
  language = {en},
  number = {33},
  pmid = {17475620}
}

@article{zoiIncorporatingFastProtein2017,
  title = {Incorporating {{Fast Protein Dynamics}} into {{Enzyme Design}}: {{A Proposed Mutant Aromatic Amine Dehydrogenase}}},
  shorttitle = {Incorporating {{Fast Protein Dynamics}} into {{Enzyme Design}}},
  author = {Zoi, Ioanna and Antoniou, Dimitri and Schwartz, Steven D.},
  year = {2017},
  month = aug,
  volume = {121},
  pages = {7290--7298},
  publisher = {{American Chemical Society}},
  issn = {1520-6106},
  doi = {10.1021/acs.jpcb.7b05319},
  journal = {The Journal of Physical Chemistry B},
  number = {30}
}




@article{husicWardClusteringImproves2017a,
  title = {Ward {{Clustering Improves Cross}}-{{Validated Markov State Models}} of {{Protein Folding}}},
  author = {Husic, Brooke E. and Pande, Vijay S.},
  year = {2017},
  month = mar,
  volume = {13},
  pages = {963--967},
  publisher = {{American Chemical Society}},
  issn = {1549-9618},
  doi = {10.1021/acs.jctc.6b01238},
  journal = {Journal of Chemical Theory and Computation},
  number = {3}
}

@article{kabschDictionaryProteinSecondary1983,
  title = {Dictionary of Protein Secondary Structure: {{Pattern}} Recognition of Hydrogen-Bonded and Geometrical Features},
  shorttitle = {Dictionary of Protein Secondary Structure},
  author = {Kabsch, Wolfgang and Sander, Christian},
  year = {1983},
  volume = {22},
  pages = {2577--2637},
  issn = {1097-0282},
  doi = {10.1002/bip.360221211},
  copyright = {Copyright \textcopyright{} 1983 John Wiley \& Sons, Inc.},
  journal = {Biopolymers},
  language = {en},
  number = {12}
}



@inproceedings{duvenaud2011additive,
  title = {Additive Gaussian Processes},
  booktitle = {Advances in Neural Information Processing Systems},
  author = {Duvenaud, David K and Nickisch, Hannes and Rasmussen, Carl E},
  year = {2011},
  pages = {226--234}
}



@article{trendelkamp-schroerEstimationUncertaintyReversible2015b,
  title = {Estimation and Uncertainty of Reversible {{Markov}} Models},
  author = {{Trendelkamp-Schroer}, Benjamin and Wu, Hao and Paul, Fabian and No{\'e}, Frank},
  year = {2015},
  month = nov,
  volume = {143},
  pages = {174101},
  publisher = {{American Institute of Physics}},
  issn = {0021-9606},
  doi = {10.1063/1.4934536},
  journal = {The Journal of Chemical Physics},
  number = {17}
}




@inproceedings{icml2010_129,
  title = {Gaussian Process Optimization in the Bandit Setting: {{No}} Regret and Experimental Design},
  booktitle = {Proceedings of the 27th International Conference on Machine Learning ({{ICML}}-10)},
  author = {Srinivas, Niranjan and Krause, Andreas and Kakade, Sham and Seeger, Matthias},
  editor = {F{\"u}rnkranz, Johannes and Joachims, Thorsten},
  year = {2010},
  month = jun,
  pages = {1015--1022},
  publisher = {{Omnipress}},
  address = {{Haifa, Israel}}
}





@article{mockus1978application,
  title = {The Application of {{Bayesian}} Methods for Seeking the Extremum},
  author = {Mockus, Jonas and Tiesis, Vytautas and Zilinskas, Antanas},
  year = {1978},
  volume = {2},
  pages = {2},
  journal = {Towards global optimization},
  number = {117-129}
}


@article{Kushner1963,
  title = {{A new method of locating the maximum point of an arbitrary multipeak curve in the presence of noise}},
  author = {Kushner, Harold J.},
  year = {1963},
  volume = {1},
  pages = {69--79},
  doi = {10.1109/JACC.1963.4168566},
  affiliation = {Massachusetts Institute of Technology, Lexington, Massachusetts},
  journal = {Joint Automatic Control Conference},
  language = {Undetermined}
}


@article{brochuTutorialBayesianOptimization2010,
  title = {A {{Tutorial}} on {{Bayesian Optimization}} of {{Expensive Cost Functions}} , with {{Application}} to {{Active User Modeling}} and {{Hierarchical Reinforcement Learning}}},
  author = {Brochu, Eric and Cora, Vlad M and Freitas, Nando De},
  year = {2010},
  pages = {1--49}
}


@article{breiman2001,
  title = {Statistical {{Modeling}}: {{The Two Cultures}} (with Comments and a Rejoinder by the Author)},
  author = {Breiman, Leo},
  year = {2001},
  month = aug,
  volume = {16},
  pages = {199--231},
  publisher = {{The Institute of Mathematical Statistics}},
  doi = {10.1214/ss/1009213726},
  fjournal = {Statistical Science},
  journal = {Statistical Science. A Review Journal of the Institute of Mathematical Statistics},
  number = {3}
}





@book{friedman2001elements,
  title = {The Elements of Statistical Learning},
  author = {Friedman, Jerome and Hastie, Trevor and Tibshirani, Robert},
  year = {2001},
  volume = {1},
  publisher = {{Springer series in statistics New York}}
}

@article{prinzMarkovModelsMolecular2011,
  title = {Markov Models of Molecular Kinetics: {{Generation}} and Validation},
  author = {Prinz, Jan Hendrik and Wu, Hao and Sarich, Marco and Keller, Bettina and Senne, Martin and Held, Martin and Chodera, John D. and Schtte, Christof and No{\'e}, Frank},
  year = {2011},
  volume = {134},
  issn = {00219606},
  doi = {10.1063/1.3565032},
  journal = {Journal of Chemical Physics},
  number = {17},
  pmid = {21548671}
}



@book{harrelRegressionModelingStrategies2015,
  title = {Regression {{Modeling Strategies}}},
  author = {Harrel, Frank},
  year = {2015},
  edition = {Second},
  publisher = {{Springer International Publishing}},
  isbn = {978-3-319-19425-7}
}



@misc{gpy2014,
  title = {{{GPy}}: {{A Gaussian}} Process Framework in Python},
  author = {{GPy}},
  year = {2012}
}


@article{salvatierProbabilisticProgrammingPython2016a,
  title = {Probabilistic Programming in {{Python}} Using {{PyMC3}}},
  author = {Salvatier, John and Wiecki, Thomas V. and Fonnesbeck, Christopher},
  year = {2016},
  month = apr,
  volume = {2},
  pages = {e55},
  publisher = {{PeerJ Inc.}},
  issn = {2376-5992},
  doi = {10.7717/peerj-cs.55},
  journal = {PeerJ Computer Science},
  language = {en}
}


@article{dalyDummyCodingVs2016,
  title = {Dummy Coding vs Effects Coding for Categorical Variables: {{Clarifications}} and Extensions},
  shorttitle = {Dummy Coding vs Effects Coding for Categorical Variables},
  author = {Daly, Andrew and Dekker, Thijs and Hess, Stephane},
  year = {2016},
  month = dec,
  volume = {21},
  pages = {36--41},
  issn = {1755-5345},
  doi = {10.1016/j.jocm.2016.09.005},
  journal = {Journal of Choice Modelling},
  keywords = {Categorical variables,Discrete choice,Dummy coding,Effects coding},
  language = {en},
  series = {Standalone Technical Contributions in Choice Modelling}
}


@book{gelmanBayesianDataAnalysis2014,
  title = {Bayesian {{Data Analysis}}},
  author = {Gelman, Andrew and Carlin,, John B. and Stern,, Hal S. and Dunson, David B. and Vehtari, Aki and Rubin, Donald B.},
  year = {2014},
  edition = {3rd},
  publisher = {{CRC Press}},
  isbn = {978-1-4398-9820-8}
}

@book{rasmussenGaussianProcessesMachine2006,
  title = {Gaussian {{Processes}} for {{Machine Learning}}},
  author = {Rasmussen, Carl Edward and Williams, K. I., Christopher},
  year = {2006},
  edition = {1st},
  publisher = {{The MIT press}},
  isbn = {0-262-18253-X}
}


@article{polsonHalfCauchyPriorGlobal2012,
  title = {On the {{Half}}-{{Cauchy Prior}} for a {{Global Scale Parameter}}},
  author = {Polson, Nicholas G. and Scott, James G.},
  year = {2012},
  month = dec,
  volume = {7},
  pages = {887--902},
  publisher = {{International Society for Bayesian Analysis}},
  issn = {1936-0975, 1931-6690},
  doi = {10.1214/12-BA730},
  journal = {Bayesian Analysis},
  keywords = {hierarchical models,normal scale mixtures,shrinkage},
  language = {EN},
  mrnumber = {MR3000018},
  number = {4},
  zmnumber = {1330.62148}
}



@article{quinonero-candelaUnifyingViewSparse2005,
  title = {A {{Unifying View}} of {{Sparse Approximate Gaussian Process Regression}}},
  author = {{Qui{\~n}onero-Candela}, Joaquin and Rasmussen, Carl Edward},
  year = {2005},
  volume = {6},
  pages = {1939--1959},
  issn = {ISSN 1533-7928},
  journal = {Journal of Machine Learning Research},
  number = {Dec}
}


@article{bergstraAlgorithmsHyperParameterOptimizationa,
  title = {Algorithms for {{Hyper}}-{{Parameter Optimization}}},
  author = {Bergstra, James S and Bardenet, R{\'e}mi and Bengio, Yoshua and K{\'e}gl, Bal{\'a}zs},
  pages = {9},
  language = {en}
}

@inproceedings{bergstraMakingScienceModel2013,
  title = {Making a {{Science}} of {{Model Search}}: {{Hyperparameter Optimization}} in {{Hundreds}} of {{Dimensions}} for {{Vision Architectures}}},
  booktitle = {Proceedings of the 30th {{International Conference}} on {{Machine Learning}}},
  author = {Bergstra, James and Yamins, Daniel and Cox, David},
  editor = {Dasgupta, Sanjoy and McAllester, David},
  year = {2013},
  month = jun,
  volume = {28},
  pages = {115--123},
  publisher = {{PMLR}},
  address = {{Atlanta, Georgia, USA}},
  series = {Proceedings of {{Machine Learning Research}}}
}

@article{bowmanQuantitativeComparisonAlternative2013,
  title = {Quantitative Comparison of Alternative Methods for Coarse-Graining Biological Networks},
  author = {Bowman, Gregory R. and Meng, Luming and Huang, Xuhui},
  year = {2013},
  month = jul,
  volume = {139},
  pages = {121905},
  publisher = {{American Institute of Physics}},
  issn = {0021-9606},
  doi = {10.1063/1.4812768},
  journal = {The Journal of Chemical Physics},
  language = {en},
  number = {12}
}

@article{brooksCHARMMBiomolecularSimulation2009,
  title = {{{CHARMM}}: {{The}} Biomolecular Simulation Program},
  shorttitle = {{{CHARMM}}},
  author = {Brooks, B. R. and Brooks, C. L. and Mackerell, A. D. and Nilsson, L. and Petrella, R. J. and Roux, B. and Won, Y. and Archontis, G. and Bartels, C. and Boresch, S. and Caflisch, A. and Caves, L. and Cui, Q. and Dinner, A. R. and Feig, M. and Fischer, S. and Gao, J. and Hodoscek, M. and Im, W. and Kuczera, K. and Lazaridis, T. and Ma, J. and Ovchinnikov, V. and Paci, E. and Pastor, R. W. and Post, C. B. and Pu, J. Z. and Schaefer, M. and Tidor, B. and Venable, R. M. and Woodcock, H. L. and Wu, X. and Yang, W. and York, D. M. and Karplus, M.},
  year = {2009},
  volume = {30},
  pages = {1545--1614},
  issn = {1096-987X},
  doi = {10.1002/jcc.21287},
  copyright = {Copyright \textcopyright{} 2009 Wiley Periodicals, Inc.},
  journal = {Journal of Computational Chemistry},
  keywords = {biomolecular simulation,biophysical computation,CHARMM program,energy function,molecular dynamics,molecular mechanics,molecular modeling},
  language = {en},
  number = {10}
}

@article{harveyACEMDAcceleratingBiomolecular2009,
  title = {{{ACEMD}}: {{Accelerating Biomolecular Dynamics}} in the {{Microsecond Time Scale}}},
  shorttitle = {{{ACEMD}}},
  author = {Harvey, M. J. and Giupponi, G. and Fabritiis, G. De},
  year = {2009},
  month = jun,
  volume = {5},
  pages = {1632--1639},
  publisher = {{American Chemical Society}},
  issn = {1549-9618},
  doi = {10.1021/ct9000685},
  journal = {Journal of Chemical Theory and Computation},
  number = {6}
}

@article{huangCHARMM36AllatomAdditive2013,
  title = {{{CHARMM36}} All-Atom Additive Protein Force Field: {{Validation}} Based on Comparison to {{NMR}} Data},
  author = {Huang, Jing and Mackerell, Alexander D.},
  year = {2013},
  volume = {34},
  pages = {2135--2145},
  issn = {01928651},
  doi = {10.1002/jcc.23354},
  journal = {Journal of Computational Chemistry},
  keywords = {calmodulin,cold-shock protein A,empirical force field,fatty acid binding protein,G protein B1,J-coupling,lysozyme,molecular mechanics,residual dipolar coupling,ubiquitin},
  number = {25},
  pmid = {23832629}
}

@article{hunterMatplotlib2DGraphics2007,
  title = {Matplotlib: {{A 2D}} Graphics Environment},
  author = {Hunter, J. D.},
  year = {2007},
  volume = {9},
  pages = {90--95},
  publisher = {{IEEE COMPUTER SOC}},
  doi = {10.1109/MCSE.2007.55},
  journal = {Computing in Science \& Engineering},
  number = {3}
}

@article{husicMarkovStateModels2018,
  title = {Markov {{State Models}}: {{From}} an {{Art}} to a {{Science}}},
  shorttitle = {Markov {{State Models}}},
  author = {Husic, Brooke E. and Pande, Vijay S.},
  year = {2018},
  month = feb,
  volume = {140},
  pages = {2386--2396},
  issn = {0002-7863},
  doi = {10.1021/jacs.7b12191},
  journal = {Journal of the American Chemical Society},
  number = {7}
}

@article{husicOptimizedParameterSelection2016,
  title = {Optimized Parameter Selection Reveals Trends in {{Markov}} State Models for Protein Folding},
  author = {Husic, Brooke E. and McGibbon, Robert T. and Sultan, Mohammad M. and Pande, Vijay S.},
  year = {2016},
  month = nov,
  volume = {145},
  pages = {194103},
  issn = {0021-9606},
  doi = {10.1063/1.4967809},
  journal = {The Journal of Chemical Physics},
  number = {19}
}

@article{hutterSequentialModelbasedOptimization2011,
  title = {Sequential Model-Based Optimization for General Algorithm Configuration},
  author = {Hutter, Frank and Hoos, Holger H. and {Leyton-Brown}, Kevin},
  year = {2011},
  volume = {6683 LNCS},
  pages = {507--523},
  issn = {03029743},
  doi = {10.1007/978-3-642-25566-3_40},
  journal = {Lecture Notes in Computer Science (including subseries Lecture Notes in Artificial Intelligence and Lecture Notes in Bioinformatics)},
  pmid = {20675462}
}

@article{jonesEfficientGlobalOptimization1998,
  title = {Efficient {{Global Optimization}} of {{Expensive Black}}-{{Box Functions}}},
  author = {Jones, Donald R and Schonlau, Matthias and William, J},
  year = {1998},
  pages = {455--492},
  keywords = {bayesian global optimization,kriging,process,random function,response surface,stochastic,visualization}
}

@inproceedings{kluyverJupyterNotebooksPublishing2016,
  title = {Jupyter {{Notebooks}} ? A Publishing Format for Reproducible Computational Workflows},
  booktitle = {Positioning and {{Power}} in {{Academic Publishing}}: {{Players}}, {{Agents}} and {{Agendas}}},
  author = {Kluyver, Thomas and {Ragan-Kelley}, Benjamin and P{\'e}rez, Fernando and Granger, Brian and Bussonnier, Matthias and Frederic, Jonathan and Kelley, Kyle and Hamrick, Jessica and Grout, Jason and Corlay, Sylvain and Ivanov, Paul and Avila, Dami{\'a}n and Abdalla, Safia and Willing, Carol and development {team}, Jupyter},
  editor = {Loizides, Fernando and Scmidt, Birgit},
  year = {2016},
  pages = {87--90},
  publisher = {{IOS Press}}
}

@article{martinez-cantinBayesOptBayesianOptimization2014,
  title = {{{BayesOpt}} : {{A Bayesian Optimization Library}} for {{Nonlinear Optimization}} , {{Experimental Design}} and {{Bandits}}},
  author = {{Martinez-cantin}, Ruben},
  year = {2014},
  volume = {15},
  pages = {3915--3919},
  keywords = {bayesian optimization,efficient global optimization,gaussian processes,optimization,sequential experimental design,sequential model-based}
}





@article{mcgibbonMDTrajModernOpen2015,
  title = {{{MDTraj}}: {{A Modern Open Library}} for the {{Analysis}} of {{Molecular Dynamics Trajectories}}},
  author = {McGibbon, Robert T. and Beauchamp, Kyle A. and Harrigan, Matthew P. and Klein, Christoph and Swails, Jason M. and Hern{\'a}ndez, Carlos X. and Schwantes, Christian R. and Wang, Lee-Ping and Lane, Thomas J. and Pande, Vijay S.},
  year = {2015},
  volume = {109},
  pages = {1528--1532},
  doi = {10.1016/j.bpj.2015.08.015},
  journal = {Biophysical Journal},
  number = {8}
}

@book{mcgibbonOspreyHyperparameterOptimization2016,
  title = {Osprey: {{Hyperparameter Optimization}} for {{Machine Learning}}},
  author = {McGibbon, Robert T. and Hern{\'a}ndez, Carlos X. and Harrigan, Matthew P. and Kearnes, Steven and Sultan, Mohammad M. and Jastrzebski, Stanislaw and Husic, Brooke E. and Pande, Vijay S.},
  year = {2016},
  month = sep,
  doi = {10.21105/joss.000341}
}

@article{mcgibbonVariationalCrossvalidationSlow2015,
  title = {Variational Cross-Validation of Slow Dynamical Modes in Molecular Kinetics},
  author = {McGibbon, Robert T. and Pande, Vijay S.},
  year = {2015},
  volume = {142},
  issn = {00219606},
  doi = {10.1063/1.4916292},
  journal = {Journal of Chemical Physics},
  number = {12},
  pmid = {25833563}
}

@article{mckinneyPandasFoundationalPython2011,
  title = {Pandas: A Foundational {{Python}} Library for Data Analysis and Statistics},
  author = {McKinney, Wes},
  year = {2011},
  volume = {14},
  journal = {Python for High Performance and Scientific Computing}
}

@misc{michaelwaskomMwaskomSeabornV02020,
  title = {Mwaskom/Seaborn:  V0.10.1 ({{April}} 2020)},
  shorttitle = {Mwaskom/Seaborn},
  author = {Michael Waskom and Olga Botvinnik and Joel Ostblom and Maoz Gelbart and Saulius Lukauskas and Paul Hobson and David C Gemperline and Tom Augspurger and Yaroslav Halchenko and John B. Cole and Jordi Warmenhoven and {Julian de Ruiter} and Cameron Pye and Stephan Hoyer and Jake Vanderplas and Santi Villalba and Gero Kunter and Eric Quintero and Pete Bachant and Marcel Martin and Kyle Meyer and Corban Swain and Alistair Miles and Thomas Brunner and Drew O'Kane and Tal Yarkoni and Mike Lee Williams and Constantine Evans and Clark Fitzgerald and Brian},
  year = {2020},
  month = apr,
  doi = {10.5281/zenodo.3767070},
  howpublished = {Zenodo}
}

@article{nuskeMarkovStateModels2017b,
  title = {Markov State Models from Short Non-Equilibrium Simulations\textemdash{{Analysis}} and Correction of Estimation Bias},
  author = {N{\"u}ske, Feliks and Wu, Hao and Prinz, Jan-Hendrik and Wehmeyer, Christoph and Clementi, Cecilia and No{\'e}, Frank},
  year = {2017},
  month = mar,
  volume = {146},
  pages = {094104},
  publisher = {{American Institute of Physics}},
  issn = {0021-9606},
  doi = {10.1063/1.4976518},
  journal = {The Journal of Chemical Physics},
  number = {9}
}

@article{nuskeVariationalApproachConformational2017,
  title = {The {{Variational Approach}} to {{Conformational Dynamics}}},
  author = {N{\"u}ske, Feliks},
  year = {2017}
}

@article{nuskeVariationalApproachMolecular2014,
  title = {Variational {{Approach}} to {{Molecular Kinetics}}},
  author = {N{\"u}ske, Feliks and Keller, Bettina G. and {P{\'e}rez-Hern{\'a}ndez}, Guillermo and Mey, Antonia S. J. S. and No{\'e}, Frank},
  year = {2014},
  month = apr,
  volume = {10},
  pages = {1739--1752},
  issn = {1549-9618},
  doi = {10.1021/ct4009156},
  journal = {Journal of Chemical Theory and Computation},
  number = {4}
}

@article{pedregosaScikitlearnMachineLearning2011,
  title = {Scikit-Learn: {{Machine Learning}} in {{Python}}},
  author = {Pedregosa, F. and Varoquaux, G. and Gramfort, A. and Michel, V. and Thirion, B. and Grisel, O. and Blondel, M. and Prettenhofer, P. and Weiss, R. and Dubourg, V. and Vanderplas, J. and Passos, A. and Cournapeau, D. and Brucher, M. and Perrot, M. and Duchesnay, E.},
  year = {2011},
  volume = {12},
  pages = {2825--2830},
  journal = {Journal of Machine Learning Research}
}



@article{salvatierProbabilisticProgrammingPython2016,
  title = {Probabilistic Programming in {{Python}} Using {{PyMC3}}},
  author = {Salvatier, John and Wiecki, Thomas V. and Fonnesbeck, Christopher},
  year = {2016},
  month = apr,
  volume = {2},
  pages = {e55},
  publisher = {{PeerJ}},
  doi = {10.7717/peerj-cs.55},
  journal = {PeerJ Computer Science}
}

@article{schererPyEMMASoftwarePackage2015a,
  title = {{{PyEMMA}} 2: {{A Software Package}} for {{Estimation}}, {{Validation}}, and {{Analysis}} of {{Markov Models}}},
  shorttitle = {{{PyEMMA}} 2},
  author = {Scherer, Martin K. and {Trendelkamp-Schroer}, Benjamin and Paul, Fabian and {P{\'e}rez-Hern{\'a}ndez}, Guillermo and Hoffmann, Moritz and Plattner, Nuria and Wehmeyer, Christoph and Prinz, Jan-Hendrik and No{\'e}, Frank},
  year = {2015},
  month = oct,
  volume = {11},
  pages = {5525--5542},
  issn = {1549-9618},
  doi = {10.1021/acs.jctc.5b00743},
  journal = {Journal of Chemical Theory and Computation}
}


@article{shahriariTakingHumanOut2016,
  title = {Taking the {{Human Out}} of the {{Loop}}: {{A Review}} of {{Bayesian Optimization}}},
  shorttitle = {Taking the {{Human Out}} of the {{Loop}}},
  author = {Shahriari, Bobak and Swersky, Kevin and Wang, Ziyu and Adams, Ryan P. and {de Freitas}, Nando},
  year = {2016},
  month = jan,
  volume = {104},
  pages = {148--175},
  issn = {1558-2256},
  doi = {10.1109/JPROC.2015.2494218},
  journal = {Proceedings of the IEEE},
  keywords = {Bayes methods,Bayesian optimization,Big data,Big Data,Big data application,decision making,Decision making,design of experiments,Design of experiments,Genomes,genomic medicine,human productivity,large-scale heterogeneous computing,Linear programming,massive complex software system,optimisation,optimization,Optimization,product quality,response surface methodology,Statistical analysis,statistical learning,storage allocation,storage architecture},
  number = {1}
}




@article{snoekInputWarpingBayesian2014a,
  title = {Input {{Warping}} for {{Bayesian Optimization}} of {{Non}}-Stationary {{Functions}}},
  author = {Snoek, Jasper and Swersky, Kevin and Zemel, Richard S. and Adams, Ryan P.},
  year = {2014},
  month = jun,
  archivePrefix = {arXiv},
  eprint = {1402.0929},
  eprinttype = {arxiv},
  journal = {arXiv:1402.0929 [cs, stat]},
  keywords = {Computer Science - Machine Learning,Statistics - Machine Learning},
  primaryClass = {cs, stat}
}




@incollection{NIPS2012_4522,
  title = {Practical Bayesian Optimization of Machine Learning Algorithms},
  booktitle = {Advances in Neural Information Processing Systems 25},
  author = {Snoek, Jasper and Larochelle, Hugo and Adams, Ryan P},
  editor = {Pereira, F. and Burges, C. J. C. and Bottou, L. and Weinberger, K. Q.},
  year = {2012},
  pages = {2951--2959},
  publisher = {{Curran Associates, Inc.}}
}


@article{thorntonAutoWEKACombinedSelection2013,
  title = {Auto-{{WEKA}} : {{Combined Selection}} and {{Hyperparameter Optimization}} of {{Classification Algorithms}}},
  author = {Thornton, Chris and {Leyton-brown}, Kevin},
  year = {2013},
  pages = {847--855},
  keywords = {hyperparameter optimization,model selection,weka}
}

@article{virtanenSciPyFundamentalAlgorithms2020,
  title = {{{SciPy}} 1.0: {{Fundamental Algorithms}} for {{Scientific Computing}} in {{Python}}},
  author = {Virtanen, Pauli and Gommers, Ralf and Oliphant, Travis E. and Haberland, Matt and Reddy, Tyler and Cournapeau, David and Burovski, Evgeni and Peterson, Pearu and Weckesser, Warren and Bright, Jonathan and {van der Walt}, St{\'e}fan J. and Brett, Matthew and Wilson, Joshua and Jarrod Millman, K. and Mayorov, Nikolay and Nelson, Andrew R. J. and Jones, Eric and Kern, Robert and Larson, Eric and Carey, CJ and Polat, {\.I}lhan and Feng, Yu and Moore, Eric W. and {Vand erPlas}, Jake and Laxalde, Denis and Perktold, Josef and Cimrman, Robert and Henriksen, Ian and Quintero, E. A. and Harris, Charles R and Archibald, Anne M. and Ribeiro, Ant{\^o}nio H. and Pedregosa, Fabian and {van Mulbregt}, Paul and Contributors, SciPy 1. 0},
  year = {2020},
  volume = {17},
  pages = {261--272},
  doi = {10.1038/s41592-019-0686-2},
  journal = {Nature Methods}
}

@article{waltNumPyArrayStructure2011,
  title = {The {{NumPy Array}}: {{A Structure}} for {{Efficient Numerical Computation}}},
  author = {van der Walt, S. and Colbert, S. C. and Varoquaux, G.},
  year = {2011},
  volume = {13},
  pages = {22--30},
  journal = {Computing in Science Engineering},
  number = {2}
}

@article{wehmeyerTimelaggedAutoencodersDeep2018a,
  title = {Time-Lagged Autoencoders: {{Deep}} Learning of Slow Collective Variables for Molecular Kinetics},
  shorttitle = {Time-Lagged Autoencoders},
  author = {Wehmeyer, Christoph and No{\'e}, Frank},
  year = {2018},
  month = jun,
  volume = {148},
  pages = {241703},
  issn = {0021-9606, 1089-7690},
  doi = {10.1063/1.5011399},
  journal = {The Journal of Chemical Physics},
  language = {en},
  number = {24}
}

@article{wuVariationalApproachLearning2019,
  title = {Variational Approach for Learning {{Markov}} Processes from Time Series Data},
  author = {Wu, Hao and No{\'e}, Frank},
  year = {2019},
  month = aug,
  archivePrefix = {arXiv},
  eprint = {1707.04659},
  eprinttype = {arxiv},
  journal = {arXiv:1707.04659 [math, stat]},
  keywords = {Mathematics - Dynamical Systems,Statistics - Machine Learning},
  language = {en},
  primaryClass = {math, stat}
}


